@book{koza92,
    author = "John R. Koza",
    title = "Genetic Programming: On the Programming of Computers by Means of Natural Selection",
    publisher = "MIT Press",
    year = "1992"
}

@misc{wiki:latex,
    author = "Wikipedia",
    title = "LaTeX --- Wikipedia, La enciclopedia libre",
    year = "2015",
    url = "https://es.wikipedia.org/w/index.php?title=LaTeX&oldid=84209252",
    note = "[Internet; descargado 30-septiembre-2015]"
}

@article{bortolot2005,
    title = {Estimating forest biomass using small footprint LiDAR data: An individual tree-based approach that incorporates training data},
    author = {Zachary J. Bortolot and Randolph H. Wynne},
    journal = {ISPRS Journal of Photogrammetry and Remote Sensing},
    volume = {59},
    number = {6},
    pages = {342--360},
    year = {2005},
    publisher = {Elsevier}
}

@article{templet2020,
    author = {Russell M. Templet},
    title = {Game Physics: An Analysis of Physics Engines for First-Time Physics Developers},
    journal = {California State University, Northridge},
    year = {2020},
    url = "https://scholarworks.calstate.edu/downloads/z890s004h"
}

@book{shiffman12,
    author = "Daniel Shiffman",
    title = "The Nature of Code: Simulating Natural Systems with Processing",
    publisher = "Daniel Shiffman",
    year = "2012"
}

@misc{processing,
    author = {Processing Foundation},
    title = {Processing},
    url = "http://processing.org",
    note = {Internet; descargado 30-enero-2024}
}

@misc{dyn4j,
    author = {William Bittle},
    title = {dyn4j},
    url = "https://dyn4j.org/",
    note = {v5.0.1; 31-diciembre-2022}
}

@misc{JBox2D,
    author = {Daniel Murphy},
    title = {JBox2D},
    url = "http://www.jbox2d.org/",
    year = {2014},
    note = {v5.0.1; 31-diciembre-2022}
}

@misc{SpringBootWeb,
    author = "Spring",
    title = "Spring Boot Starter Web",
    howpublished = "\url{https://spring.io/projects/spring-boot}",
    note = "[Internet]"
}

@misc{SpringBootWebSocket,
    author = "Spring",
    title = "Spring Boot Starter WebSocket",
    howpublished = "\url{https://spring.io/guides/gs/messaging-stomp-websocket/}",
    note = "[Internet]"
}

@misc{SpringBootDataJPA,
    author = "Spring",
    title = "Spring Boot Starter Data JPA",
    howpublished = "\url{https://spring.io/projects/spring-data-jpa}",
    note = "[Internet]"
}

@misc{JTSCore,
    author = "LocationTech",
    title = "JTS Core",
    howpublished = "\url{https://locationtech.github.io/jts/}",
    note = "[Internet]"
}

@misc{SockJS,
    author = "SockJS",
    title = "SockJS Client",
    howpublished = "\url{https://github.com/sockjs/sockjs-client}",
    note = "[Internet]"
}

@misc{StompWebSocket,
    author = "STOMP",
    title = "STOMP over WebSocket",
    howpublished = "\url{https://stomp.github.io/}",
    note = "[Internet]"
}

@misc{Lombok,
    author = "Project Lombok",
    title = "Project Lombok",
    howpublished = "\url{https://projectlombok.org/}",
    note = "[Internet]"
}

@misc{SpringBootDevtools,
    author = "Spring",
    title = "Spring Boot Devtools",
    howpublished = "\url{https://docs.spring.io/spring-boot/docs/current/reference/html/using.html#using.devtools}",
    note = "[Internet]"
}

@misc{SpringBootConfigProcessor,
    author = "Spring",
    title = "Spring Boot Configuration Processor",
    howpublished = "\url{https://docs.spring.io/spring-boot/docs/current/reference/htmlsingle/#configuration-metadata-annotation-processor}",
    note = "[Internet]"
}

@misc{SpringBootStarterTest,
    author = "Spring",
    title = "Spring Boot Starter Test",
    howpublished = "\url{https://spring.io/guides/gs/testing/}",
    note = "[Internet]"
}

@misc{stompjsFrontend,
    author = "STOMP.js",
    title = "STOMP.js",
    howpublished = "\url{https://stomp-js.github.io/}",
    note = "[Internet]"
}

@misc{p5js,
    author = "p5.js",
    title = "p5.js",
    howpublished = "\url{https://p5js.org/}",
    note = "[Internet]"
}

@misc{React,
    author = "React",
    title = "React – A JavaScript library for building user interfaces",
    howpublished = "\url{https://reactjs.org/}",
    note = "[Internet]"
}

@misc{ReactDOM,
    author = "React",
    title = "ReactDOM – React package for working with the DOM",
    howpublished = "\url{https://reactjs.org/docs/react-dom.html}",
    note = "[Internet]"
}

@misc{ReactScripts,
    author = "Create React App",
    title = "Create React App: Set up a modern web app by running one command",
    howpublished = "\url{https://create-react-app.dev/docs/getting-started#npm-start-or-yarn-start}",
    note = "[Internet]"
}

@misc{SockJSClient,
    author = "SockJS",
    title = "SockJS-client",
    howpublished = "\url{https://github.com/sockjs/sockjs-client}",
    note = "[Internet]"
}

@misc{IntelliJ,
    author = "JetBrains",
    title = "IntelliJ IDEA Ultimate",
    howpublished = "\url{https://www.jetbrains.com/idea/}",
    note = "[Internet]"
}

@misc{VSCode,
    author = "Microsoft",
    title = "Visual Studio Code",
    howpublished = "\url{https://code.visualstudio.com/}",
    note = "[Internet]"
}

@misc{GitKraken,
    author = "Axosoft",
    title = "GitKraken",
    howpublished = "\url{https://www.gitkraken.com/}",
    note = "[Internet]"
}

@misc{Codacy,
    author = "Codacy",
    title = "Codacy: Automatically identify issues through static code analysis",
    howpublished = "\url{https://www.codacy.com/}",
    note = "[Internet]"
}

@misc{CodeClimate,
    author = "Code Climate",
    title = "Code Climate Quality: Engineering insights for software teams",
    howpublished = "\url{https://codeclimate.com/quality/}",
    note = "[Internet]"
}

@misc{Git,
    author = "Software Freedom Conservancy",
    title = "Git",
    howpublished = "\url{https://git-scm.com/}",
    note = "[Internet]"
}

@misc{Github,
    author = "GitHub, Inc.",
    title = "GitHub: Where the world builds software",
    howpublished = "\url{https://github.com/}",
    note = "[Internet]"
}

@misc{ScrumAgile,
    author = "Scrum.org",
    title = "What is Scrum?",
    howpublished = "\url{https://www.scrum.org/resources/what-is-scrum}",
    note = "[Internet]"
}

@book{GregoryGameEngine,
    author = "Jason Gregory",
    title = "Game Engine Architecture",
    isbn = "978-1138035454",
    year = "2018",
    publisher = "CRC Press"
}
