@book{koza92,
		author    = "Koza, John R.",
		title     = "Genetic Programming: On the Programming of Computers by Means of Natural Selection",
		publisher = "MIT Press",
		year      = "1992"
}


@misc{ wiki:latex,
       author = "Wikipedia",
       title = "LaTeX --- Wikipedia{,} La enciclopedia libre",
       year = "2015",
       url = "https://es.wikipedia.org/w/index.php?title=LaTeX&oldid=84209252",
       note = "[Internet; descargado 30-septiembre-2015]"
}

@misc{ seg-social,
       author = "Seguridad Social",
       title = "Bases y tipos de cotizaci√≥n 2022",
       year = "2022",
       howpublished = "\url{https://www.seg-social.es/wps/portal/wss/internet/Trabajadores/CotizacionRecaudacionTrabajadores/36537}",
       note = "[Internet]"
}

@misc{microservices_io,
    author = {{Chris Richardson}},
    title = {What are microservices?},
    howpublished = {\url{https://microservices.io/}}
}

@misc{jdk17_adoptium_license,
    author = {{Eclipse Adoptium}},
    title = {{JDK 17 - GPL v2 with the Classpath Exception}},
    howpublished = {\url{https://openjdk.java.net/legal/gplv2+ce.html}},
}

@misc{springboot_license,
    author = {{Pivotal Software, Inc.}},
    title = {{Spring Boot - Apache License 2.0}},
    howpublished = {\url{https://github.com/spring-projects/spring-boot/blob/main/LICENSE.txt}}
}

@misc{jtscore_license,
    author = {{LocationTech}},
    title = {{JTS Topology Suite - EDL/BSD License}},
    howpublished = {\url{https://github.com/locationtech/jts/blob/main/LICENSE_EDL_1.0.txt}}
}

@misc{sockjsclient_license,
    author = {{SockJS Contributors}},
    title = {{SockJS-client - MIT License}},
    howpublished = {\url{https://github.com/sockjs/sockjs-client/blob/master/LICENSE}}
}

@misc{stompwebsocket_license,
    author = {{Apache Software Foundation}},
    title = {{STOMP Over WebSocket - Apache License 2.0}},
    howpublished = {\url{https://www.apache.org/licenses/LICENSE-2.0}}
}

@misc{lombok_license,
    author = {{Project Lombok Contributors}},
    title = {{Project Lombok - MIT License}},
    howpublished = {\url{https://projectlombok.org/license}}
}

@misc{react_license,
    author = {{Facebook, Inc.}},
    title = {{React - MIT License}},
    howpublished = {\url{https://github.com/facebook/react/blob/main/LICENSE}}
}

@misc{reactdom_license,
    author = {{Facebook, Inc.}},
    title = {{React DOM - MIT License}},
    howpublished = {\url{https://github.com/facebook/react/blob/main/LICENSE}}
}

@misc{reactscripts_license,
    author = {{Facebook, Inc.}},
    title = {{Create React App: react-scripts - MIT License}},
    howpublished = {\url{https://github.com/facebook/create-react-app/blob/main/LICENSE}}
}

@misc{sockjsclient2_license,
    author = {{SockJS Contributors}},
    title = {{SockJS-client - MIT License}},
    howpublished = {\url{https://github.com/sockjs/sockjs-client/blob/master/LICENSE}}
}

@misc{p5js_license,
    author = {{Lauren McCarthy}},
    title = {{p5.js - LGPL License}},
    howpublished = {\url{https://github.com/processing/p5.js/blob/main/license.txt}}
}

@misc{stompjs_license,
    author = {{Jeff Mesnil}},
    title = {{stomp.js - Apache License 2.0}},
    howpublished = {\url{https://github.com/stomp-js/stompjs/blob/master/LICENSE}}
}

